@article{Li et al,
    author =       "Li, Y., McLean, D., Bandar, Z., O'Shea, J. and Crockett, K.",
    title =        "Sentence similarity based on semantic nets and corpus statistics",
    journal =      "IEEE Transactions on Knowledge and Data Engineering",
    volume =       "18",
    number =       "8",
    pages =        "1138--1150",
    year =         "2006",
    DOI =          "http://ieeexplore.ieee.org/document/1644735/"
}

 
@article{Anon,
    author =       "Jonas Mueller, Aditya Thyagarajan",
    title =        "Siamese Recurrent Architectures for Learning Sentence Similarity",
    journal =      "AAAI Conference on Artificial Intelligence",
    pages =        "2786--2792",
    year =         "2016",
}




@website{Aditya,
    author    = "Aditya Thyagarajan",
    title     = "Siamese-LSTM",
    url       = "https://github.com/aditya1503/Siamese-LSTM"
}
